@misc{openstackwiki,
   	 howpublished = "Website",
   	 title="openstack",
    	note = {\url{http://en.wikipedia.org/wiki/OpenStack}}
};
@misc{volumeencryptionwiki,
   	 howpublished = "Website",
   	 title="volumeEncryption",
    	note = {\url{https://wiki.openstack.org/wiki/VolumeEncryption}}
};
@article{Ren13,
author = {Ren, Shu Qin AND  Zhang ,Shu Hao AND  Chen ,Yong Zhen AND Miguel, Rodel Felipe AND  Ha,Ya Jun AND Khin, Mi Mi Aung},
title = {Empirical Study of Accelerating Data Protection for Multi-tenant Storage},
journal = {Advances in Information Sciences and Service Sciences},
year = {2013},
abstract = {A high-throughput multi-tenant data protection over distributed storage system.}
}

@article{1,
author = {Shu Qin Ren AND Khin Mi Mi Aung},
title = {PPDS: Privacy Preserved Data Sharing Scheme for Cloud Storage},
journal = {IJACT},
volume = {4},
number = {16},
year = {2012},
}

@article{2,
author = {Roy Lao Sahagun AND Shu Qin Ren AND Ho Seng Beng AND Khin Mi Mi Aung},
title = {Development of Intelligent Network Storage System with Adaptive Decision-Making},
journal = {IJACT},
volume = {4},
number = {2},
year = {2012},
}

@article{3,
author = {Yong Khai Leong AND Khin Mi Mi Aung AND Pantelis Sophoclis Alexopoulos},
title = {Storage System Architecture for Data Centers of the Future},
journal = {IJACT},
volume = {4},
number = {9},
year = {2012},
}

@misc{4,
   	 howpublished = "Website",
   	 title={Project dm-crypt},
    	note = {\url{http://www.saout.de/misc/dm-crypt/}}
};

@misc{5,
   	 howpublished = "Website",
   	 title={LUKS for dm-crypt from linux.org},
	note = {\url{http://chakra-linux.org/wiki/index.php/LUKS\_for\_dm-crypt}}
};
@booklet{6,
	title={Understanding Cryptography: A Textbook for Students and Practitioners,Springer},
	author={Christof Paar, Jan Pelzl },
	year={2010},
};
@conference{7,
	title={Predicate privacy in encryption systems},
	author={E.Shen AND E.Shi AND B.Waters},
	booktitle={Lecture Notes in Computer Science, 2009},
	year={2009},
	volume={5444},
	pages={457-473},
	publisher={theory of Cryptography, 6th Theory of Cryptography Conference, TCC},
};
@conference{8,
	author={Y.Tang AND P. C.Lee AND J. S.Lui AND R.Perlman},
	title={FADE : Secure Overlay Cloud Storage with File Assured Deletion},
	booktitle={Proceeding of the 6th International ICST Conference on Security and Privacy in Communication Networks, SecureComm},
	year={2010},
	pages={380-397},
};



	
	